<?xml version="1.0" encoding="UTF-8"?><collection xmlns="http://www.loc.gov/MARC21/slim"><record><leader>00398nam--2200133-i-4500</leader><controlfield tag="001">000046184</controlfield><controlfield tag="002">20161230</controlfield><controlfield tag="005">20161230201045</controlfield><controlfield tag="008">060222s1000------------r-----000-0-eng-d</controlfield><datafield ind1=" " ind2=" " tag="100"><subfield code="a">Van Ligten, J.W.L., Van Nieuwenburg, C.J</subfield></datafield><datafield ind1=" " ind2=" " tag="245"><subfield code="a">Quantitative chemical micro-analysis</subfield></datafield><datafield ind1=" " ind2=" " tag="260"><subfield code="a">Amsterdam, Elsevier Publ.Co., 1963, Viii+181p</subfield></datafield><datafield ind1=" " ind2=" " tag="490"><subfield code="a">Elsevier Monographs. Chemistry Section</subfield></datafield><datafield ind1=" " ind2=" " tag="852"><subfield code="a">18565</subfield></datafield></record></collection>